<?xml version="1.0" encoding="UTF-8"?><collection xmlns="http://www.loc.gov/MARC21/slim"><record><leader>00336nam--2200145-i-4500</leader><controlfield tag="001">000031836</controlfield><controlfield tag="002">20161230</controlfield><controlfield tag="005">20161230201038</controlfield><controlfield tag="008">060222s1000------------r-----000-0-eng-d</controlfield><datafield ind1=" " ind2=" " tag="080"><subfield code="a">551.594</subfield></datafield><datafield ind1=" " ind2=" " tag="100"><subfield code="a">Maurain Cj</subfield></datafield><datafield ind1=" " ind2=" " tag="245"><subfield code="a">La foudre</subfield></datafield><datafield ind1=" " ind2=" " tag="260"><subfield code="a">Paris, Armand Colin, 1948, 215p</subfield></datafield><datafield ind1=" " ind2=" " tag="490"><subfield code="a">Collection Armand Colin</subfield></datafield><datafield ind1=" " ind2=" " tag="852"><subfield code="a">47704</subfield></datafield></record></collection>